<?xml version='1.0' encoding='utf-8'?>
<?xml-stylesheet type='text/xsl' href='https://dstestlitas.lb.lt/msg/CCTINIT/plais.pain.001.001.03.2017/CCTINIT_view.xsl'?>
<Msg ID="Edoc" Type="CCTINIT" Version="plais.pain.001.001.03.2017">
	<Header>
		<Sender>SNCTLT21XXX</Sender>
		<Receiver>EUEBLT21XXX</Receiver>
		<Priority>45</Priority>
		<MsgId>FZTEST1011</MsgId>
		<Date>2019-12-02T10:01:15</Date>
		<System>KART</System>
	</Header>
	<Docs>
		<Doc>
			<Header>
				<DocId>FZTESTDOC1-3</DocId>
				<Dates>
					<Type>FormDoc</Type>
					<Date>2019-12-02T10:01:15</Date>
				</Dates>
				<Type>CCTINIT</Type>
				<Priority>45</Priority>
				<BusinessArea>PLAIS</BusinessArea>
			</Header>
			<Cctinit>
				<Document>
					<CstmrCdtTrfInitn>
						<GrpHdr>
							<MsgId>FZTESTDOC1-3</MsgId>
							<CreDtTm>2019-12-02T10:01:15</CreDtTm>
							<NbOfTxs>2</NbOfTxs>
							<CtrlSum>101.00</CtrlSum>
							<InitgPty>
								<Nm>Registru centras</Nm>
								<Id>
									<OrgId>
										<BICOrBEI>SNCTLT21XXX</BICOrBEI>
									</OrgId>
								</Id>
							</InitgPty>
						</GrpHdr>
						<PmtInf>
							<PmtInfId>FZTESTDOC1-3</PmtInfId>
							<PmtMtd>TRF</PmtMtd>
							<BtchBookg>false</BtchBookg>
							<PmtTpInf>
								<InstrPrty>NORM</InstrPrty>
								<SvcLvl>
									<Cd>SEPA</Cd>
								</SvcLvl>
								<LclInstrm>
									<Cd>PLAIS</Cd>
								</LclInstrm>
							</PmtTpInf>
							<ReqdExctnDt>2019-04-03</ReqdExctnDt>
							<Dbtr>
								<Nm>ILSA KASIMATI</Nm>
							</Dbtr>
							<DbtrAcct>
								<Id>
									<IBAN>LT227110000006020202</IBAN>
								</Id>
								<Ccy>EUR</Ccy>
							</DbtrAcct>
							<DbtrAgt>
								<FinInstnId>
									<BIC>PAYUGB21XXX</BIC>
								</FinInstnId>
							</DbtrAgt>
							<ChrgBr>SLEV</ChrgBr>
							<CdtTrfTxInf>
								<PmtId>
									<InstrId>FZTEST1-3</InstrId>
									<EndToEndId>FZTEST1-2</EndToEndId>
								</PmtId>
								<PmtTpInf>
									<SvcLvl>
										<Cd>SEPA</Cd>
									</SvcLvl>
									<LclInstrm>
										<Cd>PLAIS</Cd>
									</LclInstrm>
								</PmtTpInf>
								<Amt>
									<InstdAmt Ccy="EUR">1.00</InstdAmt>
								</Amt>
								<CdtrAgt>
									<FinInstnId>
										<BIC>EUEBLT21XXX</BIC>
									</FinInstnId>
								</CdtrAgt>
								<Cdtr>
									<Nm>Valstybės įmonė Registrų centras</Nm>
									<Id>
										<OrgId>
											<Othr>
												<Id>124110246</Id>
												<SchmeNm>
													<Cd>COID</Cd>
												</SchmeNm>
											</Othr>
										</OrgId>
									</Id>
								</Cdtr>
								<CdtrAcct>
									<Id>
										<IBAN>LT543050055555000002</IBAN>
									</Id>
								</CdtrAcct>
								<RmtInf>
									<Ustrd>PLAIS palaikymo mokestis0127/16/00001</Ustrd>
									<Strd>
										<CdtrRefInf>
											<Tp>
												<CdOrPrtry>
													<Cd>SCOR</Cd>
												</CdOrPrtry>
											</Tp>
										</CdtrRefInf>
									</Strd>
								</RmtInf>
							</CdtTrfTxInf>
							<CdtTrfTxInf>
								<PmtId>
									<InstrId>FZTEST1-4</InstrId>
									<EndToEndId>TADASTEST1-1</EndToEndId>
								</PmtId>
								<PmtTpInf>
									<SvcLvl>
										<Cd>SEPA</Cd>
									</SvcLvl>
									<LclInstrm>
										<Cd>PLAIS</Cd>
									</LclInstrm>
								</PmtTpInf>
								<Amt>
									<InstdAmt Ccy="EUR">100.00</InstdAmt>
								</Amt>
								<CdtrAgt>
									<FinInstnId>
										<BIC>EUEBLT21XXX</BIC>
									</FinInstnId>
								</CdtrAgt>
								<Cdtr>
									<Nm>ANTSTOLIS TOMAS UBARTAS</Nm>
									<Id>
										<PrvtId>
											<Othr>
												<Id>37504300930</Id>
												<SchmeNm>
													<Cd>NIDN</Cd>
												</SchmeNm>
											</Othr>
										</PrvtId>
									</Id>
								</Cdtr>
								<CdtrAcct>
									<Id>
										<IBAN>LT543050055555000002</IBAN>
									</Id>
								</CdtrAcct>
								<RmtInf>
									<Ustrd>0127/16/00001</Ustrd>
									<Strd>
										<CdtrRefInf>
											<Tp>
												<CdOrPrtry>
													<Cd>SCOR</Cd>
												</CdOrPrtry>
											</Tp>
										</CdtrRefInf>
									</Strd>
								</RmtInf>
							</CdtTrfTxInf>
						</PmtInf>
					</CstmrCdtTrfInitn>
				</Document>
			</Cctinit>
		</Doc>
	</Docs>
</Msg>